<?xml version="1.0" encoding="UTF-8"?><collection xmlns="http://www.loc.gov/MARC21/slim"><record><leader>00436nam--2200169-i-4500</leader><controlfield tag="001">000001876</controlfield><controlfield tag="002">20161230</controlfield><controlfield tag="005">20170129005829</controlfield><controlfield tag="008">060222s1000------------r-----000-0-eng-d</controlfield><datafield ind1=" " ind2=" " tag="080"><subfield code="a">539.17.01:539.186:535.536</subfield></datafield><datafield ind1=" " ind2=" " tag="100"><subfield code="a">Goldberg, Marvin, L</subfield></datafield><datafield ind1=" " ind2=" " tag="245"><subfield code="a">Collision theory</subfield></datafield><datafield ind1=" " ind2=" " tag="260"><subfield code="a">New York</subfield><subfield code="b">John Wiley &amp; Sons, Inc</subfield><subfield code="c">1964</subfield></datafield><datafield ind1=" " ind2=" " tag="300"><subfield code="a">IX + 919 p</subfield></datafield><datafield ind1=" " ind2=" " tag="700"><subfield code="a">Watson, Kenneth M</subfield></datafield><datafield ind1=" " ind2=" " tag="852"><subfield code="a">19745</subfield></datafield><datafield ind1=" " ind2=" " tag="CAT"><subfield code="a">SYS</subfield><subfield code="c">20170129</subfield><subfield code="h">005829</subfield></datafield></record></collection>